<?xml version="1.0" encoding="UTF-8"?>
<record xmlns="http://www.loc.gov/MARC21/slim" xmlns:zs="http://docs.oasis-open.org/ns/search-ws/sruResponse">
 <leader>
  05761cpcaa22007457i 4500
 </leader>
 <controlfield tag="001">
  17866024
 </controlfield>
 <controlfield tag="005">
  20230227080534.0
 </controlfield>
 <controlfield tag="007">
  st ||ndm|||n|e
 </controlfield>
 <controlfield tag="007">
  st ||ncm|||n|e
 </controlfield>
 <controlfield tag="007">
  vf cba|||
 </controlfield>
 <controlfield tag="008">
  130826i19631967xxu                 eng
 </controlfield>
 <datafield ind1=" " ind2=" " tag="906">
  <subfield code="a">
   7
  </subfield>
  <subfield code="b">
   cbc
  </subfield>
  <subfield code="c">
   orignew
  </subfield>
  <subfield code="d">
   u
  </subfield>
  <subfield code="e">
   ncip
  </subfield>
  <subfield code="f">
   20
  </subfield>
  <subfield code="g">
   y-folklife
  </subfield>
 </datafield>
 <datafield ind1=" " ind2=" " tag="955">
  <subfield code="a">
   mkru 2013-08-26
  </subfield>
  <subfield code="a">
   mseg 2013-12-27
  </subfield>
  <subfield code="a">
   mseg 2013-12-31
  </subfield>
  <subfield code="a">
   mseg 2014-01-02
  </subfield>
  <subfield code="a">
   mseg 2014-01-24
  </subfield>
  <subfield code="a">
   mkru 2014-02-25
  </subfield>
  <subfield code="a">
   mseg 2014-07-09
  </subfield>
  <subfield code="a">
   mseg 2017-02-11
  </subfield>
  <subfield code="a">
   mkru 2018-03-06
  </subfield>
  <subfield code="a">
   masmit 2023-02-27
  </subfield>
 </datafield>
 <datafield ind1=" " ind2=" " tag="010">
  <subfield code="a">
   2013655442
  </subfield>
 </datafield>
 <datafield ind1="2" ind2=" " tag="033">
  <subfield code="a">
   1963----
  </subfield>
  <subfield code="a">
   1964----
  </subfield>
 </datafield>
 <datafield ind1=" " ind2=" " tag="040">
  <subfield code="a">
   DLC
  </subfield>
  <subfield code="b">
   eng
  </subfield>
  <subfield code="e">
   dacs
  </subfield>
  <subfield code="c">
   DLC
  </subfield>
  <subfield code="d">
   DLC
  </subfield>
  <subfield code="d">
   DLC
  </subfield>
 </datafield>
 <datafield ind1=" " ind2=" " tag="043">
  <subfield code="a">
   n-us-ms
  </subfield>
 </datafield>
 <datafield ind1=" " ind2=" " tag="090">
  <subfield code="a">
   RAA 58390-58419; RGB 8576-8594; RGB 8596-8598; RXH 6068-6133; VAQ 3715, VAS 3414-3416 (VHS)
  </subfield>
 </datafield>
 <datafield ind1=" " ind2=" " tag="090">
  <subfield code="a">
   AFC 2011/026
  </subfield>
 </datafield>
 <datafield ind1="0" ind2="0" tag="245">
  <subfield code="a">
   Tom Hoskins collection,
  </subfield>
  <subfield code="f">
   1963-1967.
  </subfield>
 </datafield>
 <datafield ind1=" " ind2=" " tag="260">
  <subfield code="c">
   1963-1967.
  </subfield>
 </datafield>
 <datafield ind1=" " ind2=" " tag="300">
  <subfield code="3">
   sound recordings
  </subfield>
  <subfield code="a">
   65 sound tape reels :
  </subfield>
  <subfield code="b">
   analog ;
  </subfield>
  <subfield code="c">
   7 in.
  </subfield>
 </datafield>
 <datafield ind1=" " ind2=" " tag="300">
  <subfield code="3">
   sound recordings
  </subfield>
  <subfield code="a">
   31 sound tape reels :
  </subfield>
  <subfield code="b">
   analog ;
  </subfield>
  <subfield code="c">
   10 in.
  </subfield>
 </datafield>
 <datafield ind1=" " ind2=" " tag="300">
  <subfield code="3">
   moving images
  </subfield>
  <subfield code="a">
   3 videocassettes :
  </subfield>
  <subfield code="b">
   analog
  </subfield>
 </datafield>
 <datafield ind1=" " ind2=" " tag="300">
  <subfield code="3">
   moving images
  </subfield>
  <subfield code="a">
   1 film reel ;
  </subfield>
  <subfield code="c">
   16 mm
  </subfield>
 </datafield>
 <datafield ind1=" " ind2=" " tag="300">
  <subfield code="3">
   graphic materials
  </subfield>
  <subfield code="a">
   approximately 100 photographs :
  </subfield>
  <subfield code="b">
   black and white, prints ;
  </subfield>
  <subfield code="c">
   various sizes
  </subfield>
 </datafield>
 <datafield ind1=" " ind2=" " tag="300">
  <subfield code="3">
   graphic materials
  </subfield>
  <subfield code="a">
   21 slides (Ektachrome) :
  </subfield>
  <subfield code="b">
   color
  </subfield>
 </datafield>
 <datafield ind1=" " ind2=" " tag="300">
  <subfield code="3">
   manuscripts
  </subfield>
  <subfield code="a">
   approximately 10
  </subfield>
  <subfield code="f">
   linear inches
  </subfield>
 </datafield>
 <datafield ind1="0" ind2=" " tag="511">
  <subfield code="a">
   Various performers and speakers including Mississippi John Hurt, Dock Boggs, Tom Hoskins, Pete Seeger, Frank Mizell, and others.
  </subfield>
 </datafield>
 <datafield ind1=" " ind2=" " tag="518">
  <subfield code="a">
   Recorded in Avalon, Mississippi; Boston, Massachusetts; New York, N.Y.; Philadelphia, Pennsylvania; Washington, D.C., and possibly other locations.
  </subfield>
 </datafield>
 <datafield ind1=" " ind2=" " tag="520">
  <subfield code="a">
   Collection of field recordings, studio recordings, and dubs and production masters of performances by blues guitarist Mississippi John Hurt, from the time of Hurt's initial meeting with Tom Hoskins, at Hurt's home in Avalon, Mississippi in March 1963 through various sessions and events from 1963-1965. The collection resulted from Tom Hoskins' relationship with Mississippi John Hurt over the next few years and includes Hoskins' interviews and photographs of John Hurt and his home; includes original letters from John Hurt and Jessie Hurt, with Hoskins' collection of various published articles and ephemera about Mississippi John Hurt, dated 1963-1999. John Hurt and his family moved to Washington, D.C. and he became a popular performer in the blues revival, coffeehouse, and folk music circuits. The collection includes an interview and performances by John Hurt recorded in the Coolidge Auditorium at the Library of Congress, in Washington, D.C. over several days in July, 1963. John Hurt and his family returned to Mississippi in 1966 and Hurt died soon after, on November 2, 1966. A selection from the March 1963 field recordings was issued in 2011 as the album Discovery: The Rebirth of John Hurt, March 3, 1963. Spring Fed Records.
  </subfield>
 </datafield>
 <datafield ind1=" " ind2=" " tag="545">
  <subfield code="a">
   Thomas Bird Hoskins, known as "Tom" in general and as "Fang" to his friends, was a musician and blues music fan who teamed with Dick Spottswood to locate Mississippi John Hurt. They had heard Hurt's 1928 recordings and, based on a clue from the song "Avalon blues" ("Avalon's my hometown, always on my mind"), Hoskins went to Mississippi and located Hurt in Avalon, which began the second phase of Hurt's career in music. Hoskins was Hurt's manager for a time, and stayed in contact with the family after Hurt died in 1966. Over the years, legal issues regarding contracts and royalties arose, the last of which was resolved after Hoskins died, age 60, in Tallahassee, Florida.
  </subfield>
 </datafield>
 <datafield ind1=" " ind2=" " tag="544">
  <subfield code="n">
   Related materials are at the Mississippi John Hurt Foundation, founded by his granddaughter, Mary Frances Hurt, https://www.mississippijohnhurtfoundation.org/
  </subfield>
 </datafield>
 <datafield ind1="8" ind2=" " tag="524">
  <subfield code="a">
   Tom Hoskins collection (AFC 2011/026), Archive of Folk Culture, American Folklife Center, Library of Congress, Washington, D.C.
  </subfield>
 </datafield>
 <datafield ind1="0" ind2=" " tag="506">
  <subfield code="a">
   Collection is open for research. To request materials, please contact the Folklife Reading Room at
  </subfield>
  <subfield code="u">
   https://hdl.loc.gov/loc.afc/folklife.contact
  </subfield>
 </datafield>
 <datafield ind1=" " ind2=" " tag="540">
  <subfield code="a">
   Duplication of collection materials may be governed by copyright and other restrictions.
  </subfield>
 </datafield>
 <datafield ind1=" " ind2=" " tag="541">
  <subfield code="a">
   Suzanne Hoskins Brown,
  </subfield>
  <subfield code="c">
   Donation;
  </subfield>
  <subfield code="d">
   2011.
  </subfield>
 </datafield>
 <datafield ind1=" " ind2=" " tag="546">
  <subfield code="a">
   In English.
  </subfield>
 </datafield>
 <datafield ind1="0" ind2=" " tag="555">
  <subfield code="a">
   Finding aid is available online
  </subfield>
  <subfield code="u">
   https://hdl.loc.gov/loc.afc/eadafc.af018003
  </subfield>
 </datafield>
 <datafield ind1=" " ind2=" " tag="581">
  <subfield code="a">
   Publication:  Discovery: The Rebirth of John Hurt, March 3, 1963. Spring Fed Records (2011)
  </subfield>
 </datafield>
 <datafield ind1="1" ind2="0" tag="600">
  <subfield code="a">
   Hurt, Mississippi John,
  </subfield>
  <subfield code="d">
   1892-1966
  </subfield>
  <subfield code="v">
   Correspondence.
  </subfield>
 </datafield>
 <datafield ind1=" " ind2="0" tag="650">
  <subfield code="a">
   Blues (Music)
  </subfield>
  <subfield code="y">
   1961-1970.
  </subfield>
 </datafield>
 <datafield ind1=" " ind2="0" tag="650">
  <subfield code="a">
   Blues (Music)
  </subfield>
  <subfield code="z">
   Mississippi.
  </subfield>
 </datafield>
 <datafield ind1=" " ind2="0" tag="650">
  <subfield code="a">
   African American musicians
  </subfield>
  <subfield code="z">
   Mississippi
  </subfield>
  <subfield code="v">
   Interviews.
  </subfield>
 </datafield>
 <datafield ind1=" " ind2="7" tag="655">
  <subfield code="a">
   Blues (Music)
  </subfield>
  <subfield code="2">
   lcgft
  </subfield>
 </datafield>
 <datafield ind1=" " ind2="7" tag="655">
  <subfield code="a">
   Songs.
  </subfield>
  <subfield code="2">
   lcgft
  </subfield>
 </datafield>
 <datafield ind1=" " ind2="7" tag="655">
  <subfield code="a">
   Interviews.
  </subfield>
  <subfield code="2">
   lcgft
  </subfield>
 </datafield>
 <datafield ind1=" " ind2="7" tag="655">
  <subfield code="a">
   Sound recordings.
  </subfield>
  <subfield code="2">
   lcgft
  </subfield>
 </datafield>
 <datafield ind1=" " ind2="7" tag="655">
  <subfield code="a">
   Oral histories.
  </subfield>
  <subfield code="2">
   lcgft
  </subfield>
 </datafield>
 <datafield ind1=" " ind2="7" tag="655">
  <subfield code="a">
   Sound recordings.
  </subfield>
  <subfield code="2">
   lcgft
  </subfield>
 </datafield>
 <datafield ind1=" " ind2="7" tag="655">
  <subfield code="a">
   Videocassettes.
  </subfield>
  <subfield code="2">
   aat
  </subfield>
 </datafield>
 <datafield ind1=" " ind2="7" tag="655">
  <subfield code="a">
   Photographs.
  </subfield>
  <subfield code="2">
   aat
  </subfield>
 </datafield>
 <datafield ind1=" " ind2="7" tag="655">
  <subfield code="a">
   Manuscripts.
  </subfield>
  <subfield code="2">
   aat
  </subfield>
 </datafield>
 <datafield ind1=" " ind2="7" tag="655">
  <subfield code="a">
   Field recordings.
  </subfield>
  <subfield code="2">
   lcgft
  </subfield>
 </datafield>
 <datafield ind1="1" ind2=" " tag="700">
  <subfield code="a">
   Hurt, Mississippi John,
  </subfield>
  <subfield code="d">
   1892-1966,
  </subfield>
  <subfield code="e">
   performer,
  </subfield>
  <subfield code="e">
   interviewee.
  </subfield>
 </datafield>
 <datafield ind1="1" ind2=" " tag="700">
  <subfield code="a">
   Seeger, Pete,
  </subfield>
  <subfield code="d">
   1919-2014,
  </subfield>
  <subfield code="e">
   performer,
  </subfield>
  <subfield code="e">
   interviewer.
  </subfield>
 </datafield>
 <datafield ind1="1" ind2=" " tag="700">
  <subfield code="a">
   Boggs, Dock,
  </subfield>
  <subfield code="d">
   1898-1971,
  </subfield>
  <subfield code="e">
   performer.
  </subfield>
 </datafield>
 <datafield ind1="1" ind2=" " tag="700">
  <subfield code="a">
   Mizell, Frank,
  </subfield>
  <subfield code="e">
   performer.
  </subfield>
 </datafield>
 <datafield ind1="1" ind2=" " tag="700">
  <subfield code="a">
   Hickerson, Joseph C.
  </subfield>
  <subfield code="q">
   (Joseph Charles),
  </subfield>
  <subfield code="d">
   1935-
  </subfield>
  <subfield code="e">
   interviewer.
  </subfield>
 </datafield>
 <datafield ind1="1" ind2=" " tag="700">
  <subfield code="a">
   Spottswood, Richard K.
  </subfield>
  <subfield code="q">
   (Richard Keith)
  </subfield>
 </datafield>
 <datafield ind1="1" ind2=" " tag="700">
  <subfield code="a">
   Hoskins, Tom,
  </subfield>
  <subfield code="e">
   collector,
  </subfield>
  <subfield code="e">
   interviewer.
  </subfield>
 </datafield>
 <datafield ind1=" " ind2=" " tag="852">
  <subfield code="a">
   Library of Congress
  </subfield>
  <subfield code="b">
   Archive of Folk Culture, American Folklife Center,
  </subfield>
  <subfield code="e">
   101 Independence Ave. S.E., Washington, DC USA 20540-4610
  </subfield>
  <subfield code="u">
   https://hdl.loc.gov/loc.afc/folklife.home
  </subfield>
 </datafield>
 <datafield ind1="4" ind2="2" tag="856">
  <subfield code="3">
   Finding aid
  </subfield>
  <subfield code="u">
   https://hdl.loc.gov/loc.afc/eadafc.af018003
  </subfield>
 </datafield>
 <datafield ind1=" " ind2=" " tag="985">
  <subfield code="a">
   afc/coll
  </subfield>
 </datafield>
 <datafield ind1=" " ind2=" " tag="985">
  <subfield code="a">
   afc/ead
  </subfield>
 </datafield>
</record>
